@misc{first,
  author = {NeilPaine538},
  title = {WNBA-Stats},
  year = {2020},
  publisher = {GitHub},
  journal = {GitHub repository},
  howpublished = {\url{https://github.com/fivethirtyeight/WNBA-stats}},
}

@misc{baker2020comparison,
  title={A Comparison of NBA and WNBA Player Salaries},
  author={Baker, Elle},
  year={2020},
  publisher={Kennesaw State University Undergraduate Research Fellowship Working Paper Series}
}

@article{ettienne2019s,
  title={It's Time to Pay up, the Justification for Higher Salaries for WNBA Players: An Analysis of the WNBA's Success and Employing Mediation between the WNBA and NBA to Leverage Future Success},
  author={Ettienne, Lerae},
  journal={Pepp. Disp. Resol. LJ},
  volume={19},
  pages={175},
  year={2019},
  publisher={HeinOnline}
}

@misc{nba,
  author = {MUSTAFA BARIS CAMLI},
  title = {NBA Player Stats 2017-2018},
  year = {2018},
  publisher = {Kaggle},
  journal = {Kaggle Datasets},
  howpublished = {\url{https://www.kaggle.com/datasets/mcamli/nba17-18}},
}

@misc{nba_salaries,
  author = {erikgregorywebb },
  title = {nba-salaries.csv},
  year = {2020},
  publisher = {GitHub},
  journal = {GitHub repository},
  howpublished = {\url{https://github.com/erikgregorywebb/datasets/blob/master/nba-salaries.csv}},
}

@online{NBA_Revenue,
  author = {Ozanian, Mike & Teitelbaum, Justin},
  title = {NBA Team Values 2022: For The First Time In Two Decades, The Top Spot Goes To A Franchise Thatâ€™s Not The Knicks Or Lakers},
  year = 2022,
  url = {https://www.forbes.com/sites/mikeozanian/2022/10/27/nba-team-values-2022-for-the-first-time-in-two-decades-the-top-spot-goes-to-a-franchise-thats-not-the-knicks-or-lakers/?sh=7dffd2fc1cce},
  urldate = {2022-10-27}
}

 @book{Shattering_The_Glass, 
 place={Chapel, Hill}, 
 title={Shattering the Glass: The remarkable history of women's basketball}, 
 publisher={University of North Carolina Press}, 
 author={Grundy, Pamela and Shackelford, Susan}, 
 year={2007}
 }
 
  @misc{WNBA_Hist, 
  title={History of women's basketball}, 
  url={https://www.wnba.com/news/history-of-womens-basketball/}, 
  journal={WNBA.com - Official Site of the WNBA}, 
  author={Jenkins, Sally}, 
  year={1997}, 
  month={July}
  } 
  
@online{WNBA_Revenue,
  author = {Berri, David},
  title = {WNBA Players Are Simply Asking For A Greater Share Of WNBA Revenues},
  year = {2018},
  url = {https://www.forbes.com/sites/mikeozanian/2022/10/27/nba-team-values-2022-for-the-first-time-in-two-decades-the-top-spot-goes-to-a-franchise-thats-not-the-knicks-or-lakers/?sh=7dffd2fc1cce},
  urldate = {2022-11-07}
}
