@misc{first,
  author = {NeilPaine538},
  title = {WNBA-Stats},
  year = {2020},
  publisher = {GitHub},
  journal = {GitHub repository},
  howpublished = {\url{https://github.com/fivethirtyeight/WNBA-stats}},
}

@misc{baker2020comparison,
  title={A Comparison of NBA and WNBA Player Salaries},
  author={Baker, Elle},
  year={2020},
  publisher={Kennesaw State University Undergraduate Research Fellowship Working Paper Series}
}

@article{ettienne2019s,
  title={It's Time to Pay up, the Justification for Higher Salaries for WNBA Players: An Analysis of the WNBA's Success and Employing Mediation between the WNBA and NBA to Leverage Future Success},
  author={Ettienne, Lerae},
  journal={Pepp. Disp. Resol. LJ},
  volume={19},
  pages={175},
  year={2019},
  publisher={HeinOnline}
}

@misc{nba,
  author = {MUSTAFA BARIS CAMLI},
  title = {NBA Player Stats 2017-2018},
  year = {2018},
  publisher = {Kaggle},
  journal = {Kaggle Datasets},
  howpublished = {\url{https://www.kaggle.com/datasets/mcamli/nba17-18}},
}

@misc{nba_salaries,
  author = {erikgregorywebb },
  title = {nba-salaries.csv},
  year = {2020},
  publisher = {GitHub},
  journal = {GitHub repository},
  howpublished = {\url{https://github.com/erikgregorywebb/datasets/blob/master/nba-salaries.csv}},
}